DateClean,cafe,SubTotal,Items,Proj_Calories,Count,Bottled_LC,Bottled_HC,LC%,TotalSales,Day_of_Week,Week,Treatment,Coupon,Week_of_Qtr,2,3,4,5,1,Cal_p_Dollar
1/7/14,GCIS,4.57,1.58,325.21,209,32,32,50.00%,954.89,2,2014_Winter_W0,BL2,0,0,1,0,0,0,0,71.18
1/8/14,GCIS,4.85,1.68,366.08,201,25,22,53.19%,974.65,3,2014_Winter_W0,BL2,0,0,0,1,0,0,0,75.50
1/9/14,GCIS,4.41,1.56,332.48,211,24,24,50.00%,929.94,4,2014_Winter_W0,BL2,0,0,0,0,1,0,0,75.44
1/10/14,GCIS,4.78,1.68,353.46,200,29,29,50.00%,955.89,5,2014_Winter_W0,BL2,0,0,0,0,0,1,0,73.95
1/13/14,GCIS,4.49,1.56,324.40,193,27,23,54.00%,866.22,1,2014_Winter_W1,BL2,0,1,0,0,0,0,1,72.28
1/14/14,GCIS,4.39,1.57,331.57,196,23,27,46.00%,860.7,2,2014_Winter_W1,BL2,0,1,1,0,0,0,0,75.50
1/15/14,GCIS,4.58,1.60,346.14,195,18,35,33.96%,892.15,3,2014_Winter_W1,BL2,0,1,0,1,0,0,0,75.66
1/16/14,GCIS,4.64,1.62,347.38,199,23,29,44.23%,922.55,4,2014_Winter_W1,BL2,0,1,0,0,1,0,0,74.93
1/17/14,GCIS,4.72,1.65,353.81,216,28,30,48.28%,1019.41,5,2014_Winter_W1,BL2,0,1,0,0,0,1,0,74.97
1/21/14,GCIS,4.32,1.65,322.77,211,26,29,47.27%,912.45,2,2014_Winter_W2,BL2,0,2,1,0,0,0,0,74.64
1/22/14,GCIS,4.25,1.52,305.67,265,24,37,39.34%,1125.08,3,2014_Winter_W2,BL2,0,2,0,1,0,0,0,72.00
1/23/14,GCIS,4.47,1.53,320.24,250,27,33,45.00%,1117.79,4,2014_Winter_W2,BL2,0,2,0,0,1,0,0,71.62
1/24/14,GCIS,4.29,1.54,303.53,229,34,28,54.84%,981.85,5,2014_Winter_W2,BL2,0,2,0,0,0,1,0,70.79
1/27/14,GCIS,4.53,1.61,332.09,215,30,23,56.60%,974.88,1,2014_Winter_W3,BL2,0,3,0,0,0,0,1,73.24
1/28/14,GCIS,4.58,1.58,352.42,218,22,32,40.74%,999.26,2,2014_Winter_W3,BL2,0,3,1,0,0,0,0,76.88
1/29/14,GCIS,4.42,1.60,335.46,205,28,32,46.67%,905.17,3,2014_Winter_W3,BL2,0,3,0,1,0,0,0,75.97
1/30/14,GCIS,4.60,1.60,351.38,218,32,32,50.00%,1003.65,4,2014_Winter_W3,BL2,0,3,0,0,1,0,0,76.32
1/31/14,GCIS,4.52,1.64,328.93,189,32,30,51.61%,854.87,5,2014_Winter_W3,BL2,0,3,0,0,0,1,0,72.72
2/3/14,GCIS,4.40,1.57,344.05,211,19,34,35.85%,927.88,1,2014_Winter_W4,BL2,0,4,0,0,0,0,1,78.24
2/3/14,Harris,3.71,1.48,273.49,181,22,26,45.83%,671.18,1,2014_Winter_W4,BL2,0,4,0,0,0,0,1,73.75
2/3/14,Law,3.18,1.42,213.03,457,62,39,61.39%,1455.37,1,2014_Winter_W4,BL2,0,4,0,0,0,0,1,66.89
2/3/14,Stuart,4.64,1.54,356.74,311,34,47,41.98%,1442.9,1,2014_Winter_W4,BL2,0,4,0,0,0,0,1,76.89
2/4/14,GCIS,4.41,1.58,303.98,215,30,32,48.39%,947.95,2,2014_Winter_W4,BL2,0,4,1,0,0,0,0,68.94
2/4/14,Harris,3.47,1.37,233.81,244,21,22,48.84%,845.76,2,2014_Winter_W4,BL2,0,4,1,0,0,0,0,67.45
2/4/14,Law,3.15,1.36,221.05,457,64,30,68.09%,1439.58,2,2014_Winter_W4,BL2,0,4,1,0,0,0,0,70.17
2/4/14,Stuart,4.50,1.61,309.07,389,44,53,45.36%,1750.87,2,2014_Winter_W4,BL2,0,4,1,0,0,0,0,68.67
2/5/14,GCIS,4.43,1.59,331.30,222,27,35,43.55%,984.05,3,2014_Winter_W4,BL2,0,4,0,1,0,0,0,74.74
2/5/14,Harris,3.90,1.50,267.51,220,22,22,50.00%,857.68,3,2014_Winter_W4,BL2,0,4,0,1,0,0,0,68.62
2/5/14,Law,3.73,1.47,262.74,384,74,43,63.25%,1431.26,3,2014_Winter_W4,BL2,0,4,0,1,0,0,0,70.49
2/5/14,Stuart,4.73,1.64,345.43,290,36,43,45.57%,1372.92,3,2014_Winter_W4,BL2,0,4,0,1,0,0,0,72.97
2/6/14,GCIS,4.25,1.64,320.33,225,27,29,48.21%,957.23,4,2014_Winter_W4,BL2,0,4,0,0,1,0,0,75.29
2/6/14,Harris,3.74,1.45,262.79,229,23,26,46.94%,855.67,4,2014_Winter_W4,BL2,0,4,0,0,1,0,0,70.33
2/6/14,Law,3.29,1.41,223.73,420,63,36,63.64%,1381.49,4,2014_Winter_W4,BL2,0,4,0,0,1,0,0,68.02
2/6/14,Stuart,4.61,1.63,331.55,344,41,45,47.67%,1585.49,4,2014_Winter_W4,BL2,0,4,0,0,1,0,0,71.94
2/7/14,GCIS,4.40,1.61,322.28,224,30,35,46.15%,985.42,5,2014_Winter_W4,BL2,0,4,0,0,0,1,0,73.26
2/7/14,Harris,3.54,1.42,249.52,139,21,20,51.22%,492.52,5,2014_Winter_W4,BL2,0,4,0,0,0,1,0,70.42
2/7/14,Law,3.45,1.46,232.44,372,60,42,58.82%,1284.23,5,2014_Winter_W4,BL2,0,4,0,0,0,1,0,67.33
2/7/14,Stuart,4.77,1.60,321.87,166,16,22,42.11%,791.66,5,2014_Winter_W4,BL2,0,4,0,0,0,1,0,67.49
2/10/14,GCIS,4.32,1.60,324.75,221,20,38,34.48%,954.45,1,2014_Winter_W5,BL2,0,5,0,0,0,0,1,75.19
2/10/14,Harris,4.10,1.48,280.59,188,23,26,46.94%,769.87,1,2014_Winter_W5,BL2,0,5,0,0,0,0,1,68.52
2/10/14,Law,3.46,1.48,237.21,494,86,52,62.32%,1709.02,1,2014_Winter_W5,BL2,0,5,0,0,0,0,1,68.57
2/10/14,Stuart,4.64,1.56,349.69,316,33,44,42.86%,1466.06,1,2014_Winter_W5,BL2,0,5,0,0,0,0,1,75.37
2/11/14,GCIS,4.23,1.50,333.29,216,22,26,45.83%,912.75,2,2014_Winter_W5,BL2,0,5,1,0,0,0,0,78.87
2/11/14,Harris,3.42,1.41,239.43,223,19,25,43.18%,763.01,2,2014_Winter_W5,BL2,0,5,1,0,0,0,0,69.98
2/11/14,Law,3.32,1.47,245.48,516,91,38,70.54%,1710.93,2,2014_Winter_W5,BL2,0,5,1,0,0,0,0,74.03
2/11/14,Stuart,4.54,1.61,326.94,349,37,55,40.22%,1584.94,2,2014_Winter_W5,BL2,0,5,1,0,0,0,0,71.99
2/12/14,GCIS,4.59,1.58,342.13,226,32,27,54.24%,1037.88,3,2014_Winter_W5,BL2,0,5,0,1,0,0,0,74.50
2/12/14,Harris,3.96,1.53,268.16,179,19,23,45.24%,708.12,3,2014_Winter_W5,BL2,0,5,0,1,0,0,0,67.79
2/12/14,Law,3.33,1.42,224.63,340,79,33,70.54%,1131.62,3,2014_Winter_W5,BL2,0,5,0,1,0,0,0,67.49
2/12/14,Stuart,4.49,1.55,320.05,275,32,35,47.76%,1234.77,3,2014_Winter_W5,BL2,0,5,0,1,0,0,0,71.28
2/13/14,GCIS,4.34,1.58,333.57,242,25,25,50.00%,1050.96,4,2014_Winter_W5,BL2,0,5,0,0,1,0,0,76.81
2/13/14,Harris,3.51,1.41,231.86,208,21,21,50.00%,730.23,4,2014_Winter_W5,BL2,0,5,0,0,1,0,0,66.04
2/13/14,Law,3.31,1.45,221.57,431,78,45,63.41%,1427.32,4,2014_Winter_W5,BL2,0,5,0,0,1,0,0,66.91
2/13/14,Stuart,4.69,1.61,324.39,299,24,48,33.33%,1402.7,4,2014_Winter_W5,BL2,0,5,0,0,1,0,0,69.15
2/14/14,GCIS,4.27,1.53,321.79,207,22,24,47.83%,883.78,5,2014_Winter_W5,BL2,0,5,0,0,0,1,0,75.37
2/14/14,Harris,3.88,1.46,248.32,95,9,14,39.13%,368.87,5,2014_Winter_W5,BL2,0,5,0,0,0,1,0,63.95
2/14/14,Law,2.97,1.54,185.34,56,10,8,55.56%,166.47,5,2014_Winter_W5,BL2,0,5,0,0,0,1,0,62.35
2/14/14,Stuart,4.01,1.59,287.42,80,11,9,55.00%,320.66,5,2014_Winter_W5,BL2,0,5,0,0,0,1,0,71.71
2/17/14,GCIS,4.52,1.58,336.15,228,26,29,47.27%,1031.54,1,2014_Winter_W6,BL2,0,6,0,0,0,0,1,74.30
2/17/14,Harris,3.98,1.48,283.96,186,23,23,50.00%,740.23,1,2014_Winter_W6,BL2,0,6,0,0,0,0,1,71.35
2/17/14,Law,3.18,1.38,216.79,418,60,30,66.67%,1327.65,1,2014_Winter_W6,BL2,0,6,0,0,0,0,1,68.26
2/17/14,Stuart,4.75,1.65,368.23,316,35,44,44.30%,1500.01,1,2014_Winter_W6,BL2,0,6,0,0,0,0,1,77.57
2/18/14,GCIS,4.66,1.69,350.45,184,15,43,25.86%,857.54,2,2014_Winter_W6,BL2,0,6,1,0,0,0,0,75.19
2/18/14,Harris,3.48,1.40,225.20,219,32,24,57.14%,762.56,2,2014_Winter_W6,BL2,0,6,1,0,0,0,0,64.68
2/18/14,Law,3.13,1.42,227.91,450,83,41,66.94%,1406.9,2,2014_Winter_W6,BL2,0,6,1,0,0,0,0,72.90
2/18/14,Stuart,4.40,1.62,304.87,337,40,52,43.48%,1482.57,2,2014_Winter_W6,BL2,0,6,1,0,0,0,0,69.30
2/19/14,GCIS,4.40,1.62,326.58,242,32,39,45.07%,1063.81,3,2014_Winter_W6,BL2,0,6,0,1,0,0,0,74.29
2/19/14,Harris,3.38,1.51,220.02,192,30,24,55.56%,649.23,3,2014_Winter_W6,BL2,0,6,0,1,0,0,0,65.07
2/19/14,Law,3.15,1.42,204.40,356,92,43,68.15%,1119.94,3,2014_Winter_W6,BL2,0,6,0,1,0,0,0,64.97
2/19/14,Stuart,4.53,1.55,337.78,339,37,74,33.33%,1535.93,3,2014_Winter_W6,BL2,0,6,0,1,0,0,0,74.55
2/20/14,GCIS,4.79,1.63,378.54,218,26,33,44.07%,1045.15,4,2014_Winter_W6,BL2,0,6,0,0,1,0,0,78.96
2/20/14,Harris,3.30,1.43,226.54,211,30,26,53.57%,697.19,4,2014_Winter_W6,BL2,0,6,0,0,1,0,0,68.56
2/20/14,Law,3.04,1.45,203.27,424,72,38,65.45%,1286.85,4,2014_Winter_W6,BL2,0,6,0,0,1,0,0,66.98
2/20/14,Stuart,4.73,1.60,320.92,343,47,49,48.96%,1623.04,4,2014_Winter_W6,BL2,0,6,0,0,1,0,0,67.82
2/21/14,GCIS,4.27,1.54,311.37,195,21,33,38.89%,831.8,5,2014_Winter_W6,BL2,0,6,0,0,0,1,0,73.00
2/21/14,Harris,4.02,1.54,258.38,118,23,9,71.88%,474.93,5,2014_Winter_W6,BL2,0,6,0,0,0,1,0,64.20
2/21/14,Law,3.14,1.38,204.70,322,57,25,69.51%,1009.6,5,2014_Winter_W6,BL2,0,6,0,0,0,1,0,65.29
2/21/14,Stuart,4.38,1.55,279.31,179,15,28,34.88%,784.72,5,2014_Winter_W6,BL2,0,6,0,0,0,1,0,63.71
2/24/14,GCIS,4.68,1.60,352.12,199,23,28,45.10%,930.47,1,2014_Winter_W7,BL2,0,7,0,0,0,0,1,75.31
2/24/14,Harris,3.62,1.43,216.76,171,25,23,52.08%,618.54,1,2014_Winter_W7,BL2,0,7,0,0,0,0,1,59.93
2/24/14,Law,3.43,1.48,232.47,499,86,42,67.19%,1710.33,1,2014_Winter_W7,BL2,0,7,0,0,0,0,1,67.83
2/24/14,Stuart,4.78,1.61,337.80,307,39,46,45.88%,1467.12,1,2014_Winter_W7,BL2,0,7,0,0,0,0,1,70.69
2/25/14,GCIS,4.33,1.55,334.72,233,29,28,50.88%,1008.59,2,2014_Winter_W7,BL2,0,7,1,0,0,0,0,77.33
2/25/14,Harris,3.54,1.47,243.68,186,17,19,47.22%,659.02,2,2014_Winter_W7,BL2,0,7,1,0,0,0,0,68.78
2/25/14,Law,3.36,1.44,232.48,443,81,44,64.80%,1490.65,2,2014_Winter_W7,BL2,0,7,1,0,0,0,0,69.09
2/25/14,Stuart,4.37,1.60,304.68,346,33,52,38.82%,1513.18,2,2014_Winter_W7,BL2,0,7,1,0,0,0,0,69.67
2/26/14,GCIS,4.25,1.56,320.54,254,27,29,48.21%,1078.61,3,2014_Winter_W7,BL2,0,7,0,1,0,0,0,75.48
2/26/14,Harris,3.98,1.46,289.33,230,12,35,25.53%,915.87,3,2014_Winter_W7,BL2,0,7,0,1,0,0,0,72.66
2/26/14,Law,3.44,1.40,226.20,399,105,36,74.47%,1373.37,3,2014_Winter_W7,BL2,0,7,0,1,0,0,0,65.72
2/26/14,Stuart,4.90,1.69,350.86,308,29,50,36.71%,1508.3,3,2014_Winter_W7,BL2,0,7,0,1,0,0,0,71.65
2/27/14,GCIS,4.67,1.66,359.09,213,20,33,37.74%,995.34,4,2014_Winter_W7,BL2,0,7,0,0,1,0,0,76.84
2/27/14,Harris,3.38,1.33,219.62,211,25,28,47.17%,713.97,4,2014_Winter_W7,BL2,0,7,0,0,1,0,0,64.91
2/27/14,Law,3.41,1.51,238.57,449,76,39,66.09%,1530.72,4,2014_Winter_W7,BL2,0,7,0,0,1,0,0,69.98
2/27/14,Stuart,5.02,1.66,352.74,361,39,64,37.86%,1813.31,4,2014_Winter_W7,BL2,0,7,0,0,1,0,0,70.23
2/28/14,GCIS,4.65,1.61,369.81,229,22,37,37.29%,1063.8,5,2014_Winter_W7,BL2,0,7,0,0,0,1,0,79.61
2/28/14,Harris,4.05,1.51,288.09,125,11,16,40.74%,505.82,5,2014_Winter_W7,BL2,0,7,0,0,0,1,0,71.19
2/28/14,Law,3.35,1.43,220.54,331,66,28,70.21%,1109.07,5,2014_Winter_W7,BL2,0,7,0,0,0,1,0,65.82
2/28/14,Stuart,4.78,1.64,290.66,187,20,26,43.48%,893.08,5,2014_Winter_W7,BL2,0,7,0,0,0,1,0,60.86
3/3/14,GCIS,4.71,1.68,348.87,233,35,34,50.72%,1096.51,1,2014_Winter_W8,BL2,0,8,0,0,0,0,1,74.13
3/3/14,Harris,3.70,1.42,249.94,177,24,18,57.14%,655.57,1,2014_Winter_W8,BL2,0,8,0,0,0,0,1,67.48
3/3/14,Law,3.45,1.46,244.93,484,87,47,64.93%,1667.84,1,2014_Winter_W8,BL2,0,8,0,0,0,0,1,71.08
3/3/14,Stuart,4.78,1.61,326.98,316,35,38,47.95%,1510.54,1,2014_Winter_W8,BL2,0,8,0,0,0,0,1,68.40
3/4/14,GCIS,4.53,1.63,334.82,210,28,34,45.16%,951.26,2,2014_Winter_W8,BL2,0,8,1,0,0,0,0,73.91
3/4/14,Harris,3.42,1.39,230.02,217,23,24,48.94%,743.2,2,2014_Winter_W8,BL2,0,8,1,0,0,0,0,67.16
3/4/14,Law,3.06,1.43,208.29,458,82,33,71.30%,1401.8,2,2014_Winter_W8,BL2,0,8,1,0,0,0,0,68.05
3/4/14,Stuart,4.40,1.60,298.64,373,43,44,49.43%,1640.08,2,2014_Winter_W8,BL2,0,8,1,0,0,0,0,67.92
3/5/14,GCIS,4.93,1.68,379.54,238,33,36,47.83%,1174.25,3,2014_Winter_W8,BL2,0,8,0,1,0,0,0,76.93
3/5/14,Harris,3.82,1.50,287.13,214,24,31,43.64%,816.45,3,2014_Winter_W8,BL2,0,8,0,1,0,0,0,75.26
3/5/14,Law,3.68,1.44,257.98,387,82,45,64.57%,1423.91,3,2014_Winter_W8,BL2,0,8,0,1,0,0,0,70.11
3/5/14,Stuart,4.66,1.57,316.86,239,35,35,50.00%,1114.54,3,2014_Winter_W8,BL2,0,8,0,1,0,0,0,67.95
3/6/14,GCIS,4.52,1.65,356.01,227,37,34,52.11%,1025.56,4,2014_Winter_W8,BL2,0,8,0,0,1,0,0,78.80
3/6/14,Harris,3.49,1.48,229.60,196,26,20,56.52%,684.73,4,2014_Winter_W8,BL2,0,8,0,0,1,0,0,65.72
3/6/14,Law,2.97,1.42,189.20,473,89,48,64.96%,1403.37,4,2014_Winter_W8,BL2,0,8,0,0,1,0,0,63.77
3/6/14,Stuart,4.54,1.55,331.53,341,40,56,41.67%,1546.87,4,2014_Winter_W8,BL2,0,8,0,0,1,0,0,73.08
3/7/14,GCIS,4.72,1.64,352.46,183,20,29,40.82%,863.9,5,2014_Winter_W8,BL2,0,8,0,0,0,1,0,74.66
3/7/14,Harris,3.94,1.49,273.13,104,15,18,45.45%,410.25,5,2014_Winter_W8,BL2,0,8,0,0,0,1,0,69.24
3/7/14,Law,3.25,1.42,218.60,412,76,34,69.09%,1339.79,5,2014_Winter_W8,BL2,0,8,0,0,0,1,0,67.22
3/7/14,Stuart,4.67,1.69,317.44,169,18,26,40.91%,789.37,5,2014_Winter_W8,BL2,0,8,0,0,0,1,0,67.96
3/10/14,GCIS,4.37,1.56,314.38,170,19,24,44.19%,743.07,1,2014_Winter_W9,BL2,0,9,0,0,0,0,1,71.92
3/10/14,Harris,3.96,1.51,281.52,186,30,22,57.69%,736.57,1,2014_Winter_W9,BL2,0,9,0,0,0,0,1,71.09
3/10/14,Law,3.56,1.57,248.59,190,38,17,69.09%,675.69,1,2014_Winter_W9,BL2,0,9,0,0,0,0,1,69.90
3/10/14,Stuart,4.85,1.63,346.09,261,31,51,37.80%,1266.21,1,2014_Winter_W9,BL2,0,9,0,0,0,0,1,71.34
3/11/14,GCIS,4.77,1.66,360.38,192,27,29,48.21%,915.87,2,2014_Winter_W9,BL2,0,9,1,0,0,0,0,75.55
3/11/14,Harris,3.42,1.49,231.83,230,24,26,48.00%,787.18,2,2014_Winter_W9,BL2,0,9,1,0,0,0,0,67.74
3/11/14,Law,3.49,1.65,238.64,146,32,12,72.73%,510.19,2,2014_Winter_W9,BL2,0,9,1,0,0,0,0,68.29
3/11/14,Stuart,4.07,1.52,284.43,318,41,50,45.05%,1293.74,2,2014_Winter_W9,BL2,0,9,1,0,0,0,0,69.91
3/12/14,GCIS,4.55,1.67,352.65,231,24,29,45.28%,1051.98,3,2014_Winter_W9,BL2,0,9,0,1,0,0,0,77.44
3/12/14,Harris,3.91,1.46,258.76,227,31,28,52.54%,887.98,3,2014_Winter_W9,BL2,0,9,0,1,0,0,0,66.15
3/12/14,Law,3.29,1.46,230.99,237,54,38,58.70%,779.68,3,2014_Winter_W9,BL2,0,9,0,1,0,0,0,70.21
3/12/14,Stuart,5.12,1.64,370.27,270,25,40,38.46%,1382.47,3,2014_Winter_W9,BL2,0,9,0,1,0,0,0,72.31
3/13/14,GCIS,4.45,1.65,328.88,237,32,35,47.76%,1053.6,4,2014_Winter_W9,BL2,0,9,0,0,1,0,0,73.98
3/13/14,Harris,3.59,1.54,255.26,198,26,25,50.98%,711.01,4,2014_Winter_W9,BL2,0,9,0,0,1,0,0,71.08
3/13/14,Law,2.67,1.67,226.80,21,5,2,71.43%,56,4,2014_Winter_W9,BL2,0,9,0,0,1,0,0,85.05
3/13/14,Stuart,4.96,1.75,367.64,195,17,35,32.69%,967.85,4,2014_Winter_W9,BL2,0,9,0,0,1,0,0,74.07
3/14/14,GCIS,4.62,1.64,345.40,185,25,32,43.86%,855.05,5,2014_Winter_W9,BL2,0,9,0,0,0,1,0,74.73
3/14/14,Harris,3.70,1.45,233.76,77,14,8,63.64%,284.91,5,2014_Winter_W9,BL2,0,9,0,0,0,1,0,63.18
3/14/14,Law,3.32,1.40,210.28,245,50,33,60.24%,812.81,5,2014_Winter_W9,BL2,0,9,0,0,0,1,0,63.38
3/14/14,Stuart,4.57,1.60,312.12,147,13,29,30.95%,671.56,5,2014_Winter_W9,BL2,0,9,0,0,0,1,0,68.32
3/17/14,GCIS,5.14,1.76,365.86,202,32,31,50.79%,1037.67,1,2014_Winter_W10,BL2,0,10,0,0,0,0,1,71.22
3/17/14,Harris,3.90,1.54,239.26,145,26,20,56.52%,564.95,1,2014_Winter_W10,BL2,0,10,0,0,0,0,1,61.41
3/17/14,Law,4.11,1.66,287.29,47,15,8,65.22%,193.28,1,2014_Winter_W10,BL2,0,10,0,0,0,0,1,69.86
3/17/14,Stuart,4.67,1.71,362.25,167,22,27,44.90%,780.45,1,2014_Winter_W10,BL2,0,10,0,0,0,0,1,77.51
3/18/14,GCIS,4.04,1.52,301.96,188,26,24,52.00%,758.76,2,2014_Winter_W10,BL2,0,10,1,0,0,0,0,74.82
3/18/14,Harris,3.57,1.49,271.37,87,10,13,43.48%,310.17,2,2014_Winter_W10,BL2,0,10,1,0,0,0,0,76.12
3/18/14,Law,3.68,1.58,284.29,66,17,8,68.00%,242.85,2,2014_Winter_W10,BL2,0,10,1,0,0,0,0,77.26
3/18/14,Stuart,5.32,1.81,381.04,135,13,20,39.39%,717.57,2,2014_Winter_W10,BL2,0,10,1,0,0,0,0,71.69
3/19/14,GCIS,4.57,1.63,341.56,224,27,32,45.76%,1023,3,2014_Winter_W10,BL2,0,10,0,1,0,0,0,74.79
3/19/14,Harris,4.03,1.49,291.81,89,10,9,52.63%,358.41,3,2014_Winter_W10,BL2,0,10,0,1,0,0,0,72.46
3/19/14,Law,4.39,1.72,375.93,53,10,7,58.82%,232.43,3,2014_Winter_W10,BL2,0,10,0,1,0,0,0,85.72
3/19/14,Stuart,5.16,1.71,379.46,162,18,27,40.00%,835.13,3,2014_Winter_W10,BL2,0,10,0,1,0,0,0,73.61
3/20/14,GCIS,4.71,1.69,361.46,176,17,26,39.53%,828.99,4,2014_Winter_W10,BL2,0,10,0,0,1,0,0,76.74
3/20/14,Harris,4.48,1.62,332.42,73,10,6,62.50%,327.27,4,2014_Winter_W10,BL2,0,10,0,0,1,0,0,74.15
3/20/14,Law,4.08,1.76,301.74,45,10,8,55.56%,183.46,4,2014_Winter_W10,BL2,0,10,0,0,1,0,0,74.01
3/20/14,Stuart,4.53,1.64,310.35,152,20,31,39.22%,687.91,4,2014_Winter_W10,BL2,0,10,0,0,1,0,0,68.57
3/21/14,GCIS,4.36,1.62,330.30,173,21,36,36.84%,753.48,5,2014_Winter_W10,BL2,0,10,0,0,0,1,0,75.84
3/21/14,Harris,4.68,1.69,326.22,51,5,9,35.71%,238.49,5,2014_Winter_W10,BL2,0,10,0,0,0,1,0,69.76
3/21/14,Law,3.90,1.58,318.74,33,7,4,63.64%,128.6,5,2014_Winter_W10,BL2,0,10,0,0,0,1,0,81.79
3/21/14,Stuart,4.36,1.67,268.72,72,15,9,62.50%,314.08,5,2014_Winter_W10,BL2,0,10,0,0,0,1,0,61.60
3/24/14,GCIS,4.85,1.63,366.20,214,28,26,51.85%,1037.78,1,2014_Winter_W11,BL2,0,11,0,0,0,0,1,75.51
3/24/14,Law,4.46,1.82,359.37,65,15,6,71.43%,290.21,1,2014_Winter_W11,BL2,0,11,0,0,0,0,1,80.49
3/25/14,GCIS,4.49,1.62,353.44,234,29,38,43.28%,1050.27,2,2014_Winter_W11,BL2,0,11,1,0,0,0,0,78.75
3/25/14,Law,4.07,1.59,313.56,51,6,8,42.86%,207.48,2,2014_Winter_W11,BL2,0,11,1,0,0,0,0,77.08
3/26/14,GCIS,4.81,1.65,367.34,213,26,41,38.81%,1024.11,3,2014_Winter_W11,BL2,0,11,0,1,0,0,0,76.40
3/26/14,Law,4.16,1.65,353.81,69,10,8,55.56%,286.78,3,2014_Winter_W11,BL2,0,11,0,1,0,0,0,85.13
3/27/14,GCIS,4.43,1.67,336.54,255,36,41,46.75%,1129.8,4,2014_Winter_W11,BL2,0,11,0,0,1,0,0,75.96
3/27/14,Law,3.37,1.48,241.84,477,82,46,64.06%,1609.57,4,2014_Winter_W11,BL2,0,11,0,0,1,0,0,71.67
3/28/14,GCIS,4.45,1.59,338.80,246,25,38,39.68%,1093.96,5,2014_Winter_W11,BL2,0,11,0,0,0,1,0,76.19
3/28/14,Law,3.35,1.46,230.60,329,56,36,60.87%,1101.99,5,2014_Winter_W11,BL2,0,11,0,0,0,1,0,68.85
3/31/14,GCIS,4.51,1.63,323.25,206,30,31,49.18%,929.58,1,2014_Winter_W11,BL2,0,11,0,0,0,0,1,71.63
3/31/14,Law,3.23,1.39,203.27,447,103,52,66.45%,1442.76,1,2014_Winter_W11,BL2,0,11,0,0,0,0,1,62.98
3/31/14,Stuart,4.87,1.59,339.12,205,38,35,52.05%,998.84,1,2014_Winter_W11,BL2,0,11,0,0,0,0,1,69.60
10/1/14,GCIS,4.47,1.55,300.82,202,23,29,44.23%,903.73,3,2014_Fall_W0,BL1,0,0,0,1,0,0,0,67.24
10/1/14,Harris,4.16,1.44,279.41,133,16,21,43.24%,553.4,3,2014_Fall_W0,BL1,0,0,0,1,0,0,0,67.15
10/1/14,Stuart,4.51,1.45,294.17,129,14,27,34.15%,581.43,3,2014_Fall_W0,BL1,0,0,0,1,0,0,0,65.27
10/2/14,GCIS,4.68,1.58,316.96,249,23,30,43.40%,1164.77,4,2014_Fall_W0,BL1,0,0,0,0,1,0,0,67.76
10/2/14,Harris,3.24,1.30,218.19,178,16,12,57.14%,577.3,4,2014_Fall_W0,BL1,0,0,0,0,1,0,0,67.27
10/2/14,Stuart,4.37,1.47,268.69,217,30,48,38.46%,947.93,4,2014_Fall_W0,BL1,0,0,0,0,1,0,0,61.51
10/3/14,GCIS,4.70,1.53,303.71,224,23,21,52.27%,1052.78,5,2014_Fall_W0,BL1,0,0,0,0,0,1,0,64.62
10/3/14,Harris,4.18,1.58,302.76,86,8,18,30.77%,359.86,5,2014_Fall_W0,BL1,0,0,0,0,0,1,0,72.35
10/3/14,Stuart,4.78,1.48,322.07,107,9,24,27.27%,511.09,5,2014_Fall_W0,BL1,0,0,0,0,0,1,0,67.43
10/6/14,GCIS,4.33,1.45,280.40,208,23,27,46.00%,900.88,1,2014_Fall_W1,BL1,0,1,0,0,0,0,1,64.74
10/6/14,Harris,3.37,1.32,232.86,136,12,20,37.50%,458.54,1,2014_Fall_W1,BL1,0,1,0,0,0,0,1,69.06
10/6/14,Law,3.27,1.28,200.65,439,61,32,65.59%,1433.66,1,2014_Fall_W1,BL1,0,1,0,0,0,0,1,61.44
10/6/14,Stuart,4.91,1.51,338.66,144,13,24,35.14%,706.62,1,2014_Fall_W1,BL1,0,1,0,0,0,0,1,69.01
10/7/14,GCIS,4.63,1.61,296.16,216,28,27,50.91%,1000.03,2,2014_Fall_W1,BL1,0,1,1,0,0,0,0,63.97
10/7/14,Harris,3.48,1.34,229.39,192,26,25,50.98%,669.09,2,2014_Fall_W1,BL1,0,1,1,0,0,0,0,65.83
10/7/14,Law,3.38,1.37,209.20,356,55,32,63.22%,1201.81,2,2014_Fall_W1,BL1,0,1,1,0,0,0,0,61.97
10/7/14,Stuart,4.52,1.49,285.92,211,42,33,56.00%,953.81,2,2014_Fall_W1,BL1,0,1,1,0,0,0,0,63.25
10/8/14,GCIS,4.46,1.50,295.24,235,24,22,52.17%,1047.58,3,2014_Fall_W1,BL1,0,1,0,1,0,0,0,66.23
10/8/14,Harris,3.49,1.31,234.97,140,24,14,63.16%,488.49,3,2014_Fall_W1,BL1,0,1,0,1,0,0,0,67.34
10/8/14,Law,3.83,1.37,241.57,354,74,28,72.55%,1357.47,3,2014_Fall_W1,BL1,0,1,0,1,0,0,0,63.00
10/8/14,Stuart,4.42,1.52,308.72,138,23,25,47.92%,609.32,3,2014_Fall_W1,BL1,0,1,0,1,0,0,0,69.92
10/9/14,GCIS,4.70,1.53,327.11,251,7,28,20.00%,1180.21,4,2014_Fall_W1,BL1,0,1,0,0,1,0,0,69.57
10/9/14,Harris,3.40,1.34,231.76,207,9,15,37.50%,703.47,4,2014_Fall_W1,BL1,0,1,0,0,1,0,0,68.20
10/9/14,Law,3.16,1.31,199.49,457,48,29,62.34%,1445.65,4,2014_Fall_W1,BL1,0,1,0,0,1,0,0,63.06
10/9/14,Stuart,4.63,1.52,322.42,200,22,34,39.29%,926.92,4,2014_Fall_W1,BL1,0,1,0,0,1,0,0,69.57
10/10/14,GCIS,4.87,1.56,352.89,243,3,17,15.00%,1183.14,5,2014_Fall_W1,BL1,0,1,0,0,0,1,0,72.48
10/10/14,Harris,3.93,1.38,278.22,94,0,7,0.00%,369.64,5,2014_Fall_W1,BL1,0,1,0,0,0,1,0,70.75
10/10/14,Law,3.78,1.41,249.30,273,3,7,30.00%,1031.1,5,2014_Fall_W1,BL1,0,1,0,0,0,1,0,66.01
10/10/14,Stuart,4.85,1.57,349.35,138,10,26,27.78%,668.81,5,2014_Fall_W1,BL1,0,1,0,0,0,1,0,72.08
10/13/14,GCIS,4.41,1.50,315.33,195,2,17,10.53%,860.52,1,2014_Fall_W2,BL1,0,2,0,0,0,0,1,71.46
10/13/14,Harris,4.02,1.42,274.18,164,0,8,0.00%,658.83,1,2014_Fall_W2,BL1,0,2,0,0,0,0,1,68.25
10/13/14,Law,3.45,1.36,233.42,524,1,15,6.25%,1806.41,1,2014_Fall_W2,BL1,0,2,0,0,0,0,1,67.71
10/13/14,Stuart,3.97,1.43,275.02,194,11,23,32.35%,769.45,1,2014_Fall_W2,BL1,0,2,0,0,0,0,1,69.34
10/14/14,GCIS,4.76,1.55,335.86,220,0,9,0.00%,1046.86,2,2014_Fall_W2,BL1,0,2,1,0,0,0,0,70.58
10/14/14,Harris,3.77,1.42,267.90,218,0,15,0.00%,822.88,2,2014_Fall_W2,BL1,0,2,1,0,0,0,0,70.97
10/14/14,Law,3.53,1.37,246.34,347,0,7,0.00%,1225.5,2,2014_Fall_W2,BL1,0,2,1,0,0,0,0,69.75
10/14/14,Stuart,4.30,1.53,296.90,232,11,25,30.56%,998.14,2,2014_Fall_W2,BL1,0,2,1,0,0,0,0,69.01
10/15/14,GCIS,4.33,1.47,309.23,230,1,16,5.88%,995.2,3,2014_Fall_W2,BL1,0,2,0,1,0,0,0,71.47
10/15/14,Harris,3.77,1.39,274.66,152,0,7,0.00%,573.4,3,2014_Fall_W2,BL1,0,2,0,1,0,0,0,72.81
10/15/14,Law,3.58,1.31,239.34,343,4,10,28.57%,1228.03,3,2014_Fall_W2,BL1,0,2,0,1,0,0,0,66.85
10/15/14,Stuart,4.81,1.56,343.26,171,1,26,3.70%,822.22,3,2014_Fall_W2,BL1,0,2,0,1,0,0,0,71.39
10/16/14,GCIS,4.68,1.57,331.24,235,0,15,0.00%,1099.31,4,2014_Fall_W2,BL1,0,2,0,0,1,0,0,70.81
10/16/14,Harris,3.99,1.48,291.32,198,0,8,0.00%,790.47,4,2014_Fall_W2,BL1,0,2,0,0,1,0,0,72.97
10/16/14,Law,3.51,1.34,230.59,500,1,17,5.56%,1753.43,4,2014_Fall_W2,BL1,0,2,0,0,1,0,0,65.75
10/16/14,Stuart,4.39,1.46,306.75,202,7,17,29.17%,886.14,4,2014_Fall_W2,BL1,0,2,0,0,1,0,0,69.93
10/17/14,GCIS,4.75,1.56,329.29,195,3,18,14.29%,926.18,5,2014_Fall_W2,BL1,0,2,0,0,0,1,0,69.33
10/17/14,Harris,4.12,1.56,303.79,91,0,8,0.00%,375.37,5,2014_Fall_W2,BL1,0,2,0,0,0,1,0,73.65
10/17/14,Law,3.50,1.40,235.93,258,0,12,0.00%,904.13,5,2014_Fall_W2,BL1,0,2,0,0,0,1,0,67.33
10/17/14,Stuart,4.71,1.56,305.08,101,3,19,13.64%,476.11,5,2014_Fall_W2,BL1,0,2,0,0,0,1,0,64.72
10/20/14,GCIS,4.07,1.47,289.64,214,2,15,11.76%,870.93,1,2014_Fall_W3,BL1,0,3,0,0,0,0,1,71.17
10/20/14,Harris,3.77,1.50,250.08,157,0,4,0.00%,592.27,1,2014_Fall_W3,BL1,0,3,0,0,0,0,1,66.29
10/20/14,Law,3.34,1.38,223.91,501,1,10,9.09%,1672.04,1,2014_Fall_W3,BL1,0,3,0,0,0,0,1,67.09
10/20/14,Stuart,4.61,1.45,324.97,139,2,12,14.29%,640.19,1,2014_Fall_W3,BL1,0,3,0,0,0,0,1,70.56
10/21/14,GCIS,4.24,1.51,300.40,232,1,21,4.55%,984.34,2,2014_Fall_W3,BL1,0,3,1,0,0,0,0,70.80
10/21/14,Harris,3.59,1.36,256.73,206,0,8,0.00%,739.52,2,2014_Fall_W3,BL1,0,3,1,0,0,0,0,71.52
10/21/14,Law,3.40,1.31,228.60,396,2,11,15.38%,1345.39,2,2014_Fall_W3,BL1,0,3,1,0,0,0,0,67.29
10/21/14,Stuart,4.40,1.53,293.31,208,8,23,25.81%,916.13,2,2014_Fall_W3,BL1,0,3,1,0,0,0,0,66.59
10/22/14,GCIS,4.33,1.54,310.85,213,2,10,16.67%,923.06,3,2014_Fall_W3,BL1,0,3,0,1,0,0,0,71.73
10/22/14,Harris,3.67,1.38,270.01,139,0,6,0.00%,509.45,3,2014_Fall_W3,BL1,0,3,0,1,0,0,0,73.67
10/22/14,Law,3.55,1.38,251.59,379,1,21,4.55%,1346.28,3,2014_Fall_W3,BL1,0,3,0,1,0,0,0,70.83
10/22/14,Stuart,4.49,1.45,296.04,166,2,10,16.67%,744.85,3,2014_Fall_W3,BL1,0,3,0,1,0,0,0,65.98
10/23/14,GCIS,4.74,1.64,341.19,214,3,25,10.71%,1015.03,4,2014_Fall_W3,BL1,0,3,0,0,1,0,0,71.93
10/23/14,Harris,3.68,1.36,231.93,177,5,2,71.43%,651.23,4,2014_Fall_W3,BL1,0,3,0,0,1,0,0,63.04
10/23/14,Law,3.25,1.32,217.79,469,0,10,0.00%,1524.49,4,2014_Fall_W3,BL1,0,3,0,0,1,0,0,67.00
10/23/14,Stuart,4.27,1.48,291.35,196,9,23,28.13%,837.67,4,2014_Fall_W3,BL1,0,3,0,0,1,0,0,68.17
10/24/14,GCIS,4.84,1.65,348.24,210,3,17,15.00%,1015.78,5,2014_Fall_W3,BL1,0,3,0,0,0,1,0,71.99
10/24/14,Harris,4.40,1.56,294.27,70,4,2,66.67%,307.97,5,2014_Fall_W3,BL1,0,3,0,0,0,1,0,66.89
10/24/14,Law,3.51,1.37,229.98,189,0,3,0.00%,663.14,5,2014_Fall_W3,BL1,0,3,0,0,0,1,0,65.55
10/24/14,Stuart,4.48,1.43,342.74,92,0,8,0.00%,412.35,5,2014_Fall_W3,BL1,0,3,0,0,0,1,0,76.47
10/27/14,GCIS,4.59,1.56,323.85,222,8,28,22.22%,1018.54,1,2014_Fall_W4,BL1,0,4,0,0,0,0,1,70.59
10/27/14,Harris,4.22,1.47,292.61,182,0,9,0.00%,767.57,1,2014_Fall_W4,BL1,0,4,0,0,0,0,1,69.38
10/27/14,Law,3.78,1.43,248.70,118,3,2,60.00%,445.8,1,2014_Fall_W4,BL1,0,4,0,0,0,0,1,65.83
10/27/14,Stuart,4.61,1.47,311.03,148,3,10,23.08%,682.52,1,2014_Fall_W4,BL1,0,4,0,0,0,0,1,67.44
10/28/14,GCIS,4.57,1.51,320.87,206,6,33,15.38%,942.11,2,2014_Fall_W4,BL1,0,4,1,0,0,0,0,70.16
10/28/14,Harris,3.65,1.38,243.98,180,1,6,14.29%,656.23,2,2014_Fall_W4,BL1,0,4,1,0,0,0,0,66.92
10/28/14,Law,3.56,1.38,238.28,138,3,4,42.86%,491.06,2,2014_Fall_W4,BL1,0,4,1,0,0,0,0,66.96
10/28/14,Stuart,4.20,1.51,298.73,215,7,20,25.93%,901.95,2,2014_Fall_W4,BL1,0,4,1,0,0,0,0,71.21
10/29/14,GCIS,4.73,1.57,349.81,229,5,28,15.15%,1082.17,3,2014_Fall_W4,BL1,0,4,0,1,0,0,0,74.02
10/29/14,Harris,4.34,1.50,315.74,151,1,8,11.11%,654.59,3,2014_Fall_W4,BL1,0,4,0,1,0,0,0,72.83
10/29/14,Law,3.67,1.41,241.80,374,47,25,65.28%,1373.78,3,2014_Fall_W4,BL1,0,4,0,1,0,0,0,65.83
10/29/14,Stuart,5.08,1.53,362.86,202,5,13,27.78%,1026.43,3,2014_Fall_W4,BL1,0,4,0,1,0,0,0,71.41
10/30/14,GCIS,4.44,1.53,319.19,215,4,24,14.29%,954.12,4,2014_Fall_W4,BL1,0,4,0,0,1,0,0,71.93
10/30/14,Harris,3.80,1.40,273.92,227,1,7,12.50%,862.43,4,2014_Fall_W4,BL1,0,4,0,0,1,0,0,72.10
10/30/14,Law,3.39,1.34,217.93,425,39,19,67.24%,1440.24,4,2014_Fall_W4,BL1,0,4,0,0,1,0,0,64.31
10/30/14,Stuart,4.36,1.54,314.02,217,8,25,24.24%,946.33,4,2014_Fall_W4,BL1,0,4,0,0,1,0,0,72.01
10/31/14,GCIS,4.88,1.62,349.64,221,11,18,37.93%,1079.53,5,2014_Fall_W4,BL1,0,4,0,0,0,1,0,71.58
10/31/14,Harris,4.33,1.39,308.77,87,2,3,40.00%,376.65,5,2014_Fall_W4,BL1,0,4,0,0,0,1,0,71.32
10/31/14,Law,3.65,1.37,235.37,240,23,9,71.88%,876.04,5,2014_Fall_W4,BL1,0,4,0,0,0,1,0,64.48
10/31/14,Stuart,5.16,1.63,352.06,86,3,5,37.50%,444.05,5,2014_Fall_W4,BL1,0,4,0,0,0,1,0,68.18
11/3/14,GCIS,4.30,1.57,302.21,187,14,21,40.00%,804.66,1,2014_Fall_W5,BL1,0,5,0,0,0,0,1,70.23
11/3/14,Harris,4.11,1.44,294.57,146,4,7,36.36%,599.86,1,2014_Fall_W5,BL1,0,5,0,0,0,0,1,71.70
11/3/14,Law,3.33,1.40,219.24,514,62,25,71.26%,1711.02,1,2014_Fall_W5,BL1,0,5,0,0,0,0,1,65.86
11/3/14,Stuart,4.32,1.44,319.23,157,1,8,11.11%,678.16,1,2014_Fall_W5,BL1,0,5,0,0,0,0,1,73.90
11/4/14,GCIS,4.51,1.60,317.91,235,15,26,36.59%,1059.97,2,2014_Fall_W5,BL1,0,5,1,0,0,0,0,70.48
11/4/14,Harris,3.67,1.42,268.32,168,0,9,0.00%,616.93,2,2014_Fall_W5,BL1,0,5,1,0,0,0,0,73.07
11/4/14,Law,3.40,1.34,227.58,361,31,17,64.58%,1228.22,2,2014_Fall_W5,BL1,0,5,1,0,0,0,0,66.89
11/4/14,Stuart,4.84,1.54,344.34,206,6,18,25.00%,997.97,2,2014_Fall_W5,BL1,0,5,1,0,0,0,0,71.08
11/5/14,GCIS,4.67,1.54,325.59,225,15,28,34.88%,1049.69,3,2014_Fall_W5,BL1,0,5,0,1,0,0,0,69.79
11/5/14,Harris,3.43,1.41,271.53,39,0,2,0.00%,133.82,3,2014_Fall_W5,BL1,0,5,0,1,0,0,0,79.13
11/5/14,Law,3.42,1.33,216.95,394,64,21,75.29%,1346.55,3,2014_Fall_W5,BL1,0,5,0,1,0,0,0,63.48
11/5/14,Stuart,4.74,1.47,327.77,166,1,12,7.69%,786.99,3,2014_Fall_W5,BL1,0,5,0,1,0,0,0,69.14
11/6/14,GCIS,4.75,1.59,343.41,239,7,25,21.88%,1134.27,4,2014_Fall_W5,BL1,0,5,0,0,1,0,0,72.36
11/6/14,Harris,3.63,1.47,247.65,182,1,6,14.29%,660.42,4,2014_Fall_W5,BL1,0,5,0,0,1,0,0,68.25
11/6/14,Law,3.20,1.31,203.27,412,33,18,64.71%,1317.09,4,2014_Fall_W5,BL1,0,5,0,0,1,0,0,63.58
11/6/14,Stuart,4.57,1.54,324.32,221,6,20,23.08%,1010.43,4,2014_Fall_W5,BL1,0,5,0,0,1,0,0,70.93
11/7/14,GCIS,4.53,1.55,325.55,216,7,23,23.33%,977.44,5,2014_Fall_W5,BL1,0,5,0,0,0,1,0,71.94
11/7/14,Harris,4.38,1.65,335.91,79,0,12,0.00%,345.97,5,2014_Fall_W5,BL1,0,5,0,0,0,1,0,76.70
11/7/14,Law,3.57,1.29,235.09,274,22,17,56.41%,978.14,5,2014_Fall_W5,BL1,0,5,0,0,0,1,0,65.85
11/7/14,Stuart,4.37,1.47,307.96,100,2,9,18.18%,436.97,5,2014_Fall_W5,BL1,0,5,0,0,0,1,0,70.48
11/10/14,GCIS,4.46,1.54,303.15,251,7,40,14.89%,1118.29,1,2014_Fall_W6,BL1,0,6,0,0,0,0,1,68.04
11/10/14,Harris,3.84,1.42,270.62,149,3,11,21.43%,571.51,1,2014_Fall_W6,BL1,0,6,0,0,0,0,1,70.55
11/10/14,Law,3.19,1.30,194.54,459,54,37,59.34%,1462.32,1,2014_Fall_W6,BL1,0,6,0,0,0,0,1,61.06
11/10/14,Stuart,4.63,1.45,336.82,156,7,18,28.00%,722.71,1,2014_Fall_W6,BL1,0,6,0,0,0,0,1,72.70
11/11/14,GCIS,4.17,1.49,301.25,245,7,28,20.00%,1022.12,2,2014_Fall_W6,BL1,0,6,1,0,0,0,0,72.21
11/11/14,Harris,3.68,1.44,251.30,222,0,6,0.00%,817.44,2,2014_Fall_W6,BL1,0,6,1,0,0,0,0,68.25
11/11/14,Law,3.17,1.33,199.46,379,49,19,72.06%,1199.83,2,2014_Fall_W6,BL1,0,6,1,0,0,0,0,63.00
11/11/14,Stuart,4.49,1.52,307.36,240,20,25,44.44%,1076.78,2,2014_Fall_W6,BL1,0,6,1,0,0,0,0,68.51
11/12/14,GCIS,4.60,1.59,323.96,218,7,21,25.00%,1002.91,3,2014_Fall_W6,BL1,0,6,0,1,0,0,0,70.42
11/12/14,Harris,4.13,1.46,291.32,139,0,2,0.00%,573.52,3,2014_Fall_W6,BL1,0,6,0,1,0,0,0,70.60
11/12/14,Law,3.50,1.36,219.80,343,54,29,65.06%,1201.57,3,2014_Fall_W6,BL1,0,6,0,1,0,0,0,62.74
11/12/14,Stuart,4.78,1.55,351.19,157,0,16,0.00%,750.62,3,2014_Fall_W6,BL1,0,6,0,1,0,0,0,73.46
11/13/14,GCIS,4.50,1.56,319.95,249,7,27,20.59%,1120.42,4,2014_Fall_W6,BL1,0,6,0,0,1,0,0,71.10
11/13/14,Harris,3.37,1.36,233.44,201,1,14,6.67%,678.37,4,2014_Fall_W6,BL1,0,6,0,0,1,0,0,69.17
11/13/14,Law,3.34,1.36,211.21,363,36,22,62.07%,1214.14,4,2014_Fall_W6,BL1,0,6,0,0,1,0,0,63.15
11/13/14,Stuart,4.76,1.59,324.14,221,8,20,28.57%,1052.9,4,2014_Fall_W6,BL1,0,6,0,0,1,0,0,68.04
11/14/14,GCIS,5.01,1.63,355.94,252,10,28,26.32%,1261.84,5,2014_Fall_W6,BL1,0,6,0,0,0,1,0,71.08
11/14/14,Harris,4.52,1.56,325.10,99,2,13,13.33%,447.69,5,2014_Fall_W6,BL1,0,6,0,0,0,1,0,71.89
11/14/14,Law,3.47,1.34,212.49,247,31,17,64.58%,856.41,5,2014_Fall_W6,BL1,0,6,0,0,0,1,0,61.29
11/14/14,Stuart,4.87,1.54,314.14,134,4,12,25.00%,652.75,5,2014_Fall_W6,BL1,0,6,0,0,0,1,0,64.49
11/17/14,GCIS,4.45,1.51,318.86,241,5,34,12.82%,1072.18,1,2014_Fall_W7,BL1,0,7,0,0,0,0,1,71.67
11/17/14,Harris,4.07,1.46,287.06,176,0,17,0.00%,717.17,1,2014_Fall_W7,BL1,0,7,0,0,0,0,1,70.45
11/17/14,Law,3.23,1.34,205.87,490,50,31,61.73%,1582.82,1,2014_Fall_W7,BL1,0,7,0,0,0,0,1,63.73
11/17/14,Stuart,4.99,1.56,351.52,172,4,10,28.57%,858.04,1,2014_Fall_W7,BL1,0,7,0,0,0,0,1,70.47
11/18/14,GCIS,4.75,1.54,334.31,246,5,21,19.23%,1167.67,2,2014_Fall_W7,BL1,0,7,1,0,0,0,0,70.43
11/18/14,Harris,3.58,1.47,249.13,150,5,10,33.33%,537.71,2,2014_Fall_W7,BL1,0,7,1,0,0,0,0,69.50
11/18/14,Law,3.27,1.37,203.31,406,54,19,73.97%,1329.03,2,2014_Fall_W7,BL1,0,7,1,0,0,0,0,62.11
11/18/14,Stuart,4.70,1.55,320.31,218,3,15,16.67%,1023.8,2,2014_Fall_W7,BL1,0,7,1,0,0,0,0,68.20
11/19/14,GCIS,4.61,1.56,322.58,243,5,23,17.86%,1119.57,3,2014_Fall_W7,BL1,0,7,0,1,0,0,0,70.02
11/19/14,Harris,3.74,1.44,263.23,149,2,9,18.18%,557.72,3,2014_Fall_W7,BL1,0,7,0,1,0,0,0,70.32
11/19/14,Law,3.57,1.38,233.07,359,50,33,60.24%,1281.63,3,2014_Fall_W7,BL1,0,7,0,1,0,0,0,65.28
11/19/14,Stuart,4.90,1.53,345.58,158,2,13,13.33%,773.49,3,2014_Fall_W7,BL1,0,7,0,1,0,0,0,70.59
11/20/14,GCIS,4.69,1.61,332.26,286,6,34,15.00%,1342.01,4,2014_Fall_W7,BL1,0,7,0,0,1,0,0,70.81
11/20/14,Harris,3.64,1.49,242.58,203,5,13,27.78%,738.53,4,2014_Fall_W7,BL1,0,7,0,0,1,0,0,66.68
11/20/14,Law,3.16,1.33,193.75,426,52,28,65.00%,1346.25,4,2014_Fall_W7,BL1,0,7,0,0,1,0,0,61.31
11/20/14,Stuart,4.72,1.59,338.19,200,3,17,15.00%,943.67,4,2014_Fall_W7,BL1,0,7,0,0,1,0,0,71.68
11/21/14,GCIS,4.73,1.58,333.54,250,6,37,13.95%,1183.6,5,2014_Fall_W7,BL1,0,7,0,0,0,1,0,70.45
11/21/14,Harris,3.82,1.44,266.09,85,3,11,21.43%,324.42,5,2014_Fall_W7,BL1,0,7,0,0,0,1,0,69.72
11/21/14,Law,3.32,1.35,215.48,268,26,15,63.41%,890.66,5,2014_Fall_W7,BL1,0,7,0,0,0,1,0,64.84
11/21/14,Stuart,4.51,1.52,333.91,96,3,13,18.75%,432.93,5,2014_Fall_W7,BL1,0,7,0,0,0,1,0,74.04
11/24/14,GCIS,4.67,1.59,348.43,289,3,34,8.11%,1349.76,1,2014_Fall_W8,BL1,0,8,0,0,0,0,1,74.60
11/24/14,Harris,3.87,1.45,273.88,153,3,13,18.75%,591.69,1,2014_Fall_W8,BL1,0,8,0,0,0,0,1,70.82
11/24/14,Law,3.61,1.38,234.47,585,66,39,62.86%,2109.08,1,2014_Fall_W8,BL1,0,8,0,0,0,0,1,65.04
11/24/14,Stuart,5.09,1.63,358.81,167,8,12,40.00%,850.76,1,2014_Fall_W8,BL1,0,8,0,0,0,0,1,70.43
11/25/14,GCIS,4.17,1.55,307.55,232,6,28,17.65%,968.09,2,2014_Fall_W8,BL1,0,8,1,0,0,0,0,73.70
11/25/14,Harris,3.62,1.43,247.88,169,4,11,26.67%,611.09,2,2014_Fall_W8,BL1,0,8,1,0,0,0,0,68.55
11/25/14,Law,3.51,1.41,233.46,271,28,14,66.67%,950.45,2,2014_Fall_W8,BL1,0,8,1,0,0,0,0,66.56
11/25/14,Stuart,4.38,1.50,330.60,200,3,18,14.29%,876.08,2,2014_Fall_W8,BL1,0,8,1,0,0,0,0,75.47
11/26/14,GCIS,4.42,1.63,325.42,160,6,22,21.43%,706.78,3,2014_Fall_W8,BL1,0,8,0,1,0,0,0,73.67
11/26/14,Harris,3.90,1.44,253.77,63,1,4,20.00%,245.91,3,2014_Fall_W8,BL1,0,8,0,1,0,0,0,65.01
11/26/14,Law,3.64,1.50,268.88,44,4,5,44.44%,160.29,3,2014_Fall_W8,BL1,0,8,0,1,0,0,0,73.81
11/26/14,Stuart,4.11,1.48,284.22,101,0,12,0.00%,414.69,3,2014_Fall_W8,BL1,0,8,0,1,0,0,0,69.22
12/1/14,GCIS,4.42,1.52,297.17,221,7,26,21.21%,977.59,1,2014_Fall_W9,BL1,0,9,0,0,0,0,1,67.18
12/1/14,Harris,3.95,1.46,275.08,166,4,7,36.36%,656.28,1,2014_Fall_W9,BL1,0,9,0,0,0,0,1,69.58
12/1/14,Law,3.44,1.40,218.01,468,49,32,60.49%,1607.85,1,2014_Fall_W9,BL1,0,9,0,0,0,0,1,63.46
12/1/14,Stuart,4.61,1.52,327.94,163,2,19,9.52%,751.72,1,2014_Fall_W9,BL1,0,9,0,0,0,0,1,71.11
12/2/14,GCIS,4.84,1.66,354.48,250,10,42,19.23%,1209.27,2,2014_Fall_W9,BL1,0,9,1,0,0,0,0,73.28
12/2/14,Harris,3.44,1.37,221.57,191,8,7,53.33%,656.92,2,2014_Fall_W9,BL1,0,9,1,0,0,0,0,64.42
12/2/14,Law,3.34,1.37,206.85,362,46,22,67.65%,1207.9,2,2014_Fall_W9,BL1,0,9,1,0,0,0,0,61.99
12/2/14,Stuart,4.74,1.57,319.39,240,6,24,20.00%,1136.86,2,2014_Fall_W9,BL1,0,9,1,0,0,0,0,67.43
12/3/14,GCIS,4.51,1.52,324.34,258,8,31,20.51%,1164.36,3,2014_Fall_W9,BL1,0,9,0,1,0,0,0,71.87
12/3/14,Harris,4.14,1.46,309.58,142,5,21,19.23%,587.65,3,2014_Fall_W9,BL1,0,9,0,1,0,0,0,74.81
12/3/14,Law,2.46,1.13,107.45,24,4,4,50.00%,58.92,3,2014_Fall_W9,BL1,0,9,0,1,0,0,0,43.77
12/3/14,Stuart,4.87,1.57,347.91,150,2,17,10.53%,730.1,3,2014_Fall_W9,BL1,0,9,0,1,0,0,0,71.48
12/4/14,GCIS,4.54,1.56,322.89,257,9,34,20.93%,1167.9,4,2014_Fall_W9,BL1,0,9,0,0,1,0,0,71.05
12/4/14,Harris,3.98,1.50,285.14,195,7,21,25.00%,776.4,4,2014_Fall_W9,BL1,0,9,0,0,1,0,0,71.61
12/4/14,Law,3.30,1.31,210.55,483,50,28,64.10%,1592.36,4,2014_Fall_W9,BL1,0,9,0,0,1,0,0,63.86
12/4/14,Stuart,4.92,1.61,360.65,124,2,15,11.76%,609.54,4,2014_Fall_W9,BL1,0,9,0,0,1,0,0,73.37
12/5/14,GCIS,4.71,1.52,328.82,217,8,25,24.24%,1021.02,5,2014_Fall_W9,BL1,0,9,0,0,0,1,0,69.89
12/5/14,Law,3.38,1.33,207.83,233,30,18,62.50%,786.51,5,2014_Fall_W9,BL1,0,9,0,0,0,1,0,61.57
12/5/14,Stuart,5.47,1.64,373.56,84,1,11,8.33%,459.38,5,2014_Fall_W9,BL1,0,9,0,0,0,1,0,68.31
12/8/14,GCIS,4.89,1.55,338.41,183,11,21,34.38%,894.03,1,2014_Fall_W9,BL1,0,9,0,0,0,0,1,69.27
12/8/14,Harris,4.10,1.43,291.87,132,2,14,12.50%,540.79,1,2014_Fall_W9,BL1,0,9,0,0,0,0,1,71.24
12/8/14,Law,3.42,1.42,215.79,238,33,12,73.33%,813.6,1,2014_Fall_W9,BL1,0,9,0,0,0,0,1,63.13
12/8/14,Stuart,5.23,1.63,379.89,96,2,14,12.50%,502.54,1,2014_Fall_W9,BL1,0,9,0,0,0,0,1,72.57
12/9/14,GCIS,4.41,1.51,314.99,241,9,32,21.95%,1063.62,2,2014_Fall_W9,BL1,0,9,1,0,0,0,0,71.37
12/9/14,Harris,4.42,1.56,281.96,97,3,9,25.00%,429.1,2,2014_Fall_W9,BL1,0,9,1,0,0,0,0,63.74
12/9/14,Law,3.47,1.43,222.30,221,29,16,64.44%,767.45,2,2014_Fall_W9,BL1,0,9,1,0,0,0,0,64.02
12/9/14,Stuart,5.13,1.72,371.83,96,4,9,30.77%,492.65,2,2014_Fall_W9,BL1,0,9,1,0,0,0,0,72.46
12/10/14,GCIS,4.38,1.50,315.57,223,15,23,39.47%,976.52,3,2014_Fall_W9,BL1,0,9,0,1,0,0,0,72.06
12/10/14,Harris,4.26,1.44,305.96,78,5,8,38.46%,332.49,3,2014_Fall_W9,BL1,0,9,0,1,0,0,0,71.78
12/10/14,Law,3.27,1.34,205.31,188,33,29,53.23%,615.02,3,2014_Fall_W9,BL1,0,9,0,1,0,0,0,62.76
12/10/14,Stuart,5.07,1.55,367.75,71,4,8,33.33%,360.15,3,2014_Fall_W9,BL1,0,9,0,1,0,0,0,72.50
12/11/14,GCIS,4.88,1.58,344.47,246,10,26,27.78%,1201.04,4,2014_Fall_W9,BL1,0,9,0,0,1,0,0,70.56
12/11/14,Harris,4.10,1.48,322.42,44,0,6,0.00%,180.47,4,2014_Fall_W9,BL1,0,9,0,0,1,0,0,78.61
12/11/14,Law,3.25,1.36,205.66,258,46,20,69.70%,839.02,4,2014_Fall_W9,BL1,0,9,0,0,1,0,0,63.24
12/11/14,Stuart,4.29,1.55,305.70,74,4,14,22.22%,317.46,4,2014_Fall_W9,BL1,0,9,0,0,1,0,0,71.26
12/12/14,GCIS,4.24,1.52,295.71,218,9,22,29.03%,924.55,5,2014_Fall_W9,BL1,0,9,0,0,0,1,0,69.73
12/12/14,Harris,4.15,1.60,322.39,43,0,7,0.00%,178.65,5,2014_Fall_W9,BL1,0,9,0,0,0,1,0,77.60
12/12/14,Law,3.38,1.41,236.33,185,25,17,59.52%,625.25,5,2014_Fall_W9,BL1,0,9,0,0,0,1,0,69.93
12/12/14,Stuart,3.98,1.48,273.53,62,2,8,20.00%,246.84,5,2014_Fall_W9,BL1,0,9,0,0,0,1,0,68.70
12/15/14,GCIS,4.52,1.53,305.85,182,1,12,7.69%,822.75,1,2014_Fall_W9,BL1,0,9,0,0,0,0,1,67.66
12/15/14,Law,3.80,1.50,256.23,204,29,24,54.72%,775.92,1,2014_Fall_W9,BL1,0,9,0,0,0,0,1,67.37
12/16/14,GCIS,4.20,1.42,288.25,166,0,12,0.00%,697.7,2,2014_Fall_W11,BL1,0,11,1,0,0,0,0,68.58
12/17/14,GCIS,4.45,1.52,318.77,195,0,10,0.00%,867.03,3,2014_Fall_W11,BL1,0,11,0,1,0,0,0,71.69
12/18/14,GCIS,4.49,1.53,315.37,206,0,12,0.00%,924.45,4,2014_Fall_W11,BL1,0,11,0,0,1,0,0,70.27
12/19/14,GCIS,4.78,1.56,335.51,167,0,14,0.00%,798.09,5,2014_Fall_W11,BL1,0,11,0,0,0,1,0,70.20
1/5/15,GCIS,4.42,1.46,295.79,211,5,20,20.00%,931.99,1,2015_Winter_W0,BL,0,0,0,0,0,0,1,66.97
1/5/15,Harris,3.64,1.44,248.86,126,5,12,29.41%,458.34,1,2015_Winter_W0,BL,0,0,0,0,0,0,1,68.41
1/5/15,Law,3.51,1.35,206.31,411,48,23,67.61%,1441.4,1,2015_Winter_W0,BL,0,0,0,0,0,0,1,58.83
1/5/15,Stuart,5.54,1.54,382.40,112,2,10,16.67%,620.98,1,2015_Winter_W0,BL,0,0,0,0,0,0,1,68.97
1/6/15,GCIS,4.21,1.46,281.24,242,1,21,4.55%,1018.86,2,2015_Winter_W0,BL,0,0,1,0,0,0,0,66.80
1/6/15,Harris,4.17,1.53,284.59,128,8,9,47.06%,533.87,2,2015_Winter_W0,BL,0,0,1,0,0,0,0,68.23
1/6/15,Law,3.18,1.30,187.64,395,42,25,62.69%,1257.39,2,2015_Winter_W0,BL,0,0,1,0,0,0,0,58.94
1/6/15,Stuart,4.73,1.45,320.88,170,9,17,34.62%,803.67,2,2015_Winter_W0,BL,0,0,1,0,0,0,0,67.88
1/7/15,GCIS,5.13,1.66,343.89,279,7,23,23.33%,1430.59,3,2015_Winter_W0,BL,0,0,0,1,0,0,0,67.07
1/7/15,Harris,4.18,1.42,273.68,146,7,6,53.85%,610.4,3,2015_Winter_W0,BL,0,0,0,1,0,0,0,65.46
1/7/15,Law,3.67,1.33,243.03,229,25,23,52.08%,840.64,3,2015_Winter_W0,BL,0,0,0,1,0,0,0,66.20
1/7/15,Stuart,4.58,1.59,322.39,150,2,16,11.11%,687.05,3,2015_Winter_W0,BL,0,0,0,1,0,0,0,70.38
1/8/15,GCIS,4.43,1.50,309.98,288,11,26,29.73%,1276.46,4,2015_Winter_W0,BL,0,0,0,0,1,0,0,69.94
1/8/15,Harris,3.94,1.45,267.06,139,5,7,41.67%,548.2,4,2015_Winter_W0,BL,0,0,0,0,1,0,0,67.71
1/8/15,Law,3.36,1.37,196.09,434,31,19,62.00%,1458.01,4,2015_Winter_W0,BL,0,0,0,0,1,0,0,58.37
1/8/15,Stuart,4.77,1.52,332.59,175,6,13,31.58%,835.01,4,2015_Winter_W0,BL,0,0,0,0,1,0,0,69.70
1/9/15,GCIS,4.41,1.50,319.82,293,7,29,19.44%,1291.16,5,2015_Winter_W0,BL,0,0,0,0,0,1,0,72.58
1/9/15,Harris,4.17,1.51,287.72,105,6,7,46.15%,437.34,5,2015_Winter_W0,BL,0,0,0,0,0,1,0,69.08
1/9/15,Law,3.74,1.40,229.21,318,37,23,61.67%,1189.4,5,2015_Winter_W0,BL,0,0,0,0,0,1,0,61.28
1/9/15,Stuart,4.73,1.46,313.70,102,1,4,20.00%,482.96,5,2015_Winter_W0,BL,0,0,0,0,0,1,0,66.25
1/12/15,GCIS,4.46,1.53,316.24,243,12,28,30.00%,1083.66,1,2015_Winter_W1,S2,0,1,0,0,0,0,1,70.91
1/12/15,Harris,4.13,1.45,273.84,182,10,15,40.00%,751.95,1,2015_Winter_W1,S4,0,1,0,0,0,0,1,66.28
1/12/15,Law,3.49,1.42,220.25,457,53,34,60.92%,1592.95,1,2015_Winter_W1,S1,0,1,0,0,0,0,1,63.19
1/12/15,Stuart,4.50,1.49,296.32,154,12,11,52.17%,693,1,2015_Winter_W1,S3,0,1,0,0,0,0,1,65.85
1/13/15,Harris,3.65,1.37,260.50,163,3,8,27.27%,594.82,2,2015_Winter_W1,S4,0,1,1,0,0,0,0,71.38
1/13/15,Law,3.49,1.40,212.95,384,35,31,53.03%,1341.4,2,2015_Winter_W1,S1,0,1,1,0,0,0,0,60.96
1/13/15,Stuart,4.88,1.55,342.36,175,3,23,11.54%,854.4,2,2015_Winter_W1,S3,0,1,1,0,0,0,0,70.12
1/14/15,GCIS,4.52,1.48,320.26,241,8,31,20.51%,1088.59,3,2015_Winter_W1,S2,0,1,0,1,0,0,0,70.90
1/14/15,Harris,3.47,1.30,228.36,170,5,10,33.33%,590.21,3,2015_Winter_W1,S4,0,1,0,1,0,0,0,65.78
1/14/15,Law,3.95,1.37,234.13,213,24,14,63.16%,840.86,3,2015_Winter_W1,S1,0,1,0,1,0,0,0,59.31
1/14/15,Stuart,4.77,1.54,324.20,171,5,15,25.00%,815.88,3,2015_Winter_W1,S3,0,1,0,1,0,0,0,67.95
1/15/15,GCIS,4.57,1.55,328.16,255,6,31,16.22%,1165.12,4,2015_Winter_W1,S2,0,1,0,0,1,0,0,71.82
1/15/15,Harris,4.06,1.46,291.20,166,3,13,18.75%,673.65,4,2015_Winter_W1,S4,0,1,0,0,1,0,0,71.76
1/15/15,Law,3.41,1.37,209.09,358,37,28,56.92%,1219.55,4,2015_Winter_W1,S1,0,1,0,0,1,0,0,61.38
1/15/15,Stuart,4.83,1.52,326.91,170,4,21,16.00%,821.02,4,2015_Winter_W1,S3,0,1,0,0,1,0,0,67.69
1/16/15,GCIS,4.34,1.50,293.79,234,11,17,39.29%,1014.93,5,2015_Winter_W1,S2,0,1,0,0,0,1,0,67.74
1/16/15,Harris,4.11,1.52,276.51,105,8,7,53.33%,431.25,5,2015_Winter_W1,S4,0,1,0,0,0,1,0,67.32
1/16/15,Law,4.04,1.44,261.73,275,32,31,50.79%,1111.46,5,2015_Winter_W1,S1,0,1,0,0,0,1,0,64.76
1/16/15,Stuart,5.83,1.53,400.33,89,1,5,16.67%,519.25,5,2015_Winter_W1,S3,0,1,0,0,0,1,0,68.62
1/20/15,GCIS,4.18,1.54,295.52,254,15,26,36.59%,1060.58,2,2015_Winter_W2,BL,0,2,1,0,0,0,0,70.77
1/20/15,Harris,3.81,1.48,269.30,145,6,9,40.00%,552.94,2,2015_Winter_W2,BL,0,2,1,0,0,0,0,70.62
1/20/15,Law,3.41,1.34,208.94,420,54,32,62.79%,1430.31,2,2015_Winter_W2,BL,0,2,1,0,0,0,0,61.35
1/20/15,Stuart,5.00,1.60,335.33,197,4,12,25.00%,984.83,2,2015_Winter_W2,BL,0,2,1,0,0,0,0,67.08
1/21/15,GCIS,4.20,1.50,290.19,250,9,24,27.27%,1051.08,3,2015_Winter_W2,BL,0,2,0,1,0,0,0,69.02
1/21/15,Harris,3.66,1.43,252.88,189,2,18,10.00%,691.18,3,2015_Winter_W2,BL,0,2,0,1,0,0,0,69.15
1/21/15,Law,3.46,1.40,212.74,308,55,33,62.50%,1065.44,3,2015_Winter_W2,BL,0,2,0,1,0,0,0,61.50
1/21/15,Stuart,4.59,1.56,288.40,140,3,5,37.50%,642.25,3,2015_Winter_W2,BL,0,2,0,1,0,0,0,62.87
1/22/15,GCIS,4.55,1.58,318.89,251,10,24,29.41%,1142.61,4,2015_Winter_W2,BL,0,2,0,0,1,0,0,70.05
1/22/15,Harris,3.41,1.47,265.22,129,6,8,42.86%,439.64,4,2015_Winter_W2,BL,0,2,0,0,1,0,0,77.82
1/22/15,Law,3.57,1.38,206.97,362,45,22,67.16%,1291.49,4,2015_Winter_W2,BL,0,2,0,0,1,0,0,58.01
1/22/15,Stuart,4.70,1.60,332.70,167,5,16,23.81%,785.6,4,2015_Winter_W2,BL,0,2,0,0,1,0,0,70.73
1/23/15,GCIS,4.61,1.51,321.52,255,6,23,20.69%,1176.31,5,2015_Winter_W2,BL,0,2,0,0,0,1,0,69.70
1/23/15,Harris,4.02,1.60,304.34,100,2,12,14.29%,401.56,5,2015_Winter_W2,BL,0,2,0,0,0,1,0,75.79
1/23/15,Law,3.30,1.35,204.26,283,36,15,70.59%,933.35,5,2015_Winter_W2,BL,0,2,0,0,0,1,0,61.93
1/23/15,Stuart,5.16,1.49,339.69,101,3,5,37.50%,521.66,5,2015_Winter_W2,BL,0,2,0,0,0,1,0,65.77
1/26/15,GCIS,4.47,1.52,299.69,178,7,18,28.00%,795.73,1,2015_Winter_W3,S4,0,3,0,0,0,0,1,67.04
1/26/15,Harris,3.48,1.32,250.10,178,1,10,9.09%,619.98,1,2015_Winter_W3,S3,0,3,0,0,0,0,1,71.80
1/26/15,Law,3.47,1.40,217.48,415,42,29,59.15%,1441.91,1,2015_Winter_W3,BL,0,3,0,0,0,0,1,62.59
1/26/15,Stuart,4.51,1.44,285.56,174,7,7,50.00%,785.44,1,2015_Winter_W3,S1,0,3,0,0,0,0,1,63.26
1/27/15,GCIS,4.58,1.55,314.48,258,8,29,21.62%,1182.27,2,2015_Winter_W3,S4,0,3,1,0,0,0,0,68.63
1/27/15,Harris,3.76,1.39,269.48,164,4,12,25.00%,615.97,2,2015_Winter_W3,S3,0,3,1,0,0,0,0,71.75
1/27/15,Law,3.17,1.33,195.09,426,37,26,58.73%,1349.45,2,2015_Winter_W3,BL,0,3,1,0,0,0,0,61.59
1/27/15,Stuart,4.74,1.57,331.69,171,2,15,11.76%,809.73,2,2015_Winter_W3,S1,0,3,1,0,0,0,0,70.05
1/28/15,GCIS,4.44,1.51,315.62,241,9,27,25.00%,1070.22,3,2015_Winter_W3,S4,0,3,0,1,0,0,0,71.07
1/28/15,Harris,3.71,1.38,274.69,165,1,3,25.00%,612.08,3,2015_Winter_W3,S3,0,3,0,1,0,0,0,74.05
1/28/15,Law,3.63,1.44,225.79,286,43,21,67.19%,1039.15,3,2015_Winter_W3,BL,0,3,0,1,0,0,0,62.14
1/28/15,Stuart,4.56,1.47,310.26,169,1,10,9.09%,769.88,3,2015_Winter_W3,S1,0,3,0,1,0,0,0,68.11
1/29/15,GCIS,4.74,1.58,328.58,264,8,28,22.22%,1251.72,4,2015_Winter_W3,S4,0,3,0,0,1,0,0,69.30
1/29/15,Harris,4.32,1.44,305.17,167,1,7,12.50%,721.07,4,2015_Winter_W3,S3,0,3,0,0,1,0,0,70.68
1/29/15,Law,3.35,1.39,199.90,375,49,28,63.64%,1255.28,4,2015_Winter_W3,BL,0,3,0,0,1,0,0,59.72
1/29/15,Stuart,4.83,1.57,314.40,191,5,7,41.67%,922.96,4,2015_Winter_W3,S1,0,3,0,0,1,0,0,65.06
1/30/15,GCIS,4.56,1.55,335.89,253,8,34,19.05%,1152.8,5,2015_Winter_W3,S4,0,3,0,0,0,1,0,73.72
1/30/15,Harris,4.04,1.50,289.61,96,0,3,0.00%,387.96,5,2015_Winter_W3,S3,0,3,0,0,0,1,0,71.66
1/30/15,Law,3.56,1.36,232.73,303,30,23,56.60%,1079.85,5,2015_Winter_W3,BL,0,3,0,0,0,1,0,65.30
1/30/15,Stuart,5.35,1.55,374.31,112,1,6,14.29%,599.21,5,2015_Winter_W3,S1,0,3,0,0,0,1,0,69.96
2/2/15,GCIS,4.91,1.58,357.69,241,6,28,17.65%,1183.37,1,2015_Winter_W4,BL,0,4,0,0,0,0,1,72.85
2/2/15,Law,3.51,1.40,220.01,460,60,27,68.97%,1616.79,1,2015_Winter_W4,BL,0,4,0,0,0,0,1,62.60
2/2/15,Stuart,4.55,1.49,287.41,132,10,13,43.48%,599.95,1,2015_Winter_W4,BL,0,4,0,0,0,0,1,63.23
2/3/15,GCIS,4.94,1.63,348.23,288,12,24,33.33%,1423.51,2,2015_Winter_W4,BL,0,4,1,0,0,0,0,70.45
2/3/15,Harris,4.10,1.57,306.34,189,7,10,41.18%,775.14,2,2015_Winter_W4,BL,0,4,1,0,0,0,0,74.69
2/3/15,Law,3.99,1.34,222.44,437,43,32,57.33%,1742.97,2,2015_Winter_W4,BL,0,4,1,0,0,0,0,55.77
2/3/15,Stuart,4.90,1.59,343.43,185,3,9,25.00%,906.3,2,2015_Winter_W4,BL,0,4,1,0,0,0,0,70.10
2/4/15,GCIS,4.96,1.64,352.32,271,11,34,24.44%,1344.16,3,2015_Winter_W4,BL,0,4,0,1,0,0,0,71.03
2/4/15,Harris,3.80,1.42,274.68,189,7,6,53.85%,718.87,3,2015_Winter_W4,BL,0,4,0,1,0,0,0,72.22
2/4/15,Law,3.88,1.41,241.85,349,49,26,65.33%,1354.32,3,2015_Winter_W4,BL,0,4,0,1,0,0,0,62.32
2/4/15,Stuart,5.30,1.62,354.80,158,7,7,50.00%,837.11,3,2015_Winter_W4,BL,0,4,0,1,0,0,0,66.97
2/5/15,GCIS,4.87,1.63,329.02,261,8,37,17.78%,1270.83,4,2015_Winter_W4,BL,0,4,0,0,1,0,0,67.57
2/5/15,Harris,4.09,1.56,307.91,190,8,11,42.11%,777.31,4,2015_Winter_W4,BL,0,4,0,0,1,0,0,75.26
2/5/15,Law,3.46,1.34,207.22,475,52,33,61.18%,1641.62,4,2015_Winter_W4,BL,0,4,0,0,1,0,0,59.96
2/5/15,Stuart,4.74,1.62,330.60,181,5,10,33.33%,858.58,4,2015_Winter_W4,BL,0,4,0,0,1,0,0,69.70
2/6/15,GCIS,4.46,1.60,319.12,248,11,38,22.45%,1106.17,5,2015_Winter_W4,BL,0,4,0,0,0,1,0,71.55
2/6/15,Harris,4.03,1.45,281.62,150,1,7,12.50%,604.91,5,2015_Winter_W4,BL,0,4,0,0,0,1,0,69.83
2/6/15,Law,3.80,1.43,236.02,347,37,32,53.62%,1318.74,5,2015_Winter_W4,BL,0,4,0,0,0,1,0,62.10
2/6/15,Stuart,5.21,1.51,349.87,103,3,5,37.50%,536.85,5,2015_Winter_W4,BL,0,4,0,0,0,1,0,67.13
2/9/15,GCIS,4.21,1.46,281.88,234,6,27,18.18%,985.09,1,2015_Winter_W5,S1,0,5,0,0,0,0,1,66.96
2/9/15,Harris,3.91,1.40,299.46,191,6,16,27.27%,746.92,1,2015_Winter_W5,S2,0,5,0,0,0,0,1,76.58
2/9/15,Law,3.50,1.42,213.14,441,56,35,61.54%,1542.51,1,2015_Winter_W5,BL,0,5,0,0,0,0,1,60.94
2/9/15,Stuart,5.21,1.58,359.67,131,2,13,13.33%,682.3,1,2015_Winter_W5,S4,0,5,0,0,0,0,1,69.06
2/10/15,GCIS,4.77,1.48,294.00,255,11,28,28.21%,1215.72,2,2015_Winter_W5,S1,0,5,1,0,0,0,0,61.67
2/10/15,Harris,4.18,1.48,306.19,170,1,4,20.00%,711.37,2,2015_Winter_W5,S2,0,5,1,0,0,0,0,73.17
2/10/15,Law,3.46,1.37,215.21,432,45,30,60.00%,1492.56,2,2015_Winter_W5,BL,0,5,1,0,0,0,0,62.29
2/10/15,Stuart,4.43,1.49,296.29,171,9,16,36.00%,756.98,2,2015_Winter_W5,S4,0,5,1,0,0,0,0,66.93
2/11/15,GCIS,4.60,1.52,320.44,250,7,35,16.67%,1149.8,3,2015_Winter_W5,S1,0,5,0,1,0,0,0,69.67
2/11/15,Harris,3.93,1.46,310.58,182,5,16,23.81%,714.88,3,2015_Winter_W5,S2,0,5,0,1,0,0,0,79.07
2/11/15,Law,3.40,1.35,206.21,296,39,16,70.91%,1005.48,3,2015_Winter_W5,BL,0,5,0,1,0,0,0,60.71
2/11/15,Stuart,5.26,1.64,341.51,148,8,14,36.36%,778.23,3,2015_Winter_W5,S4,0,5,0,1,0,0,0,64.95
2/12/15,GCIS,4.36,1.56,306.37,227,15,19,44.12%,989.29,4,2015_Winter_W5,S1,0,5,0,0,1,0,0,70.30
2/12/15,Harris,4.10,1.48,272.57,176,1,7,12.50%,720.96,4,2015_Winter_W5,S2,0,5,0,0,1,0,0,66.54
2/12/15,Law,3.55,1.42,213.77,434,67,36,65.05%,1540.62,4,2015_Winter_W5,BL,0,5,0,0,1,0,0,60.22
2/12/15,Stuart,5.00,1.59,317.95,160,3,8,27.27%,799.21,4,2015_Winter_W5,S4,0,5,0,0,1,0,0,63.65
2/13/15,GCIS,4.48,1.51,306.56,237,7,23,23.33%,1062.64,5,2015_Winter_W5,S1,0,5,0,0,0,1,0,68.37
2/13/15,Harris,4.40,1.53,312.53,137,2,5,28.57%,602.25,5,2015_Winter_W5,S2,0,5,0,0,0,1,0,71.09
2/13/15,Law,3.69,1.35,225.17,349,32,28,53.33%,1287.39,5,2015_Winter_W5,BL,0,5,0,0,0,1,0,61.04
2/13/15,Stuart,4.93,1.63,302.65,54,1,8,11.11%,266.24,5,2015_Winter_W5,S4,0,5,0,0,0,1,0,61.38
2/16/15,GCIS,4.08,1.56,296.59,248,6,24,20.00%,1010.77,1,2015_Winter_W6,BL,1,6,0,0,0,0,1,72.77
2/16/15,Harris,3.71,1.84,289.04,214,8,13,38.10%,794.84,1,2015_Winter_W6,BL,1,6,0,0,0,0,1,77.82
2/16/15,Law,3.15,1.75,217.29,385,55,29,65.48%,1211.33,1,2015_Winter_W6,BL,1,6,0,0,0,0,1,69.06
2/16/15,Stuart,4.44,1.43,301.52,132,3,9,25.00%,585.76,1,2015_Winter_W6,BL,1,6,0,0,0,0,1,67.95
2/17/15,GCIS,4.29,1.54,303.67,265,4,18,18.18%,1136.87,2,2015_Winter_W6,BL,0,6,1,0,0,0,0,70.78
2/17/15,Harris,3.94,1.85,298.56,198,3,15,16.67%,779.53,2,2015_Winter_W6,BL,0,6,1,0,0,0,0,75.83
2/17/15,Law,3.35,1.87,240.53,476,61,32,65.59%,1595.02,2,2015_Winter_W6,BL,0,6,1,0,0,0,0,71.78
2/17/15,Stuart,4.67,1.63,325.00,175,4,13,23.53%,816.39,2,2015_Winter_W6,BL,0,6,1,0,0,0,0,69.67
2/18/15,GCIS,4.21,1.53,299.60,288,10,27,27.03%,1213.8,3,2015_Winter_W6,BL,1,6,0,1,0,0,0,71.09
2/18/15,Harris,4.00,1.80,311.25,211,2,17,10.53%,844.56,3,2015_Winter_W6,BL,1,6,0,1,0,0,0,77.76
2/18/15,Law,3.18,1.97,235.34,320,56,19,74.67%,1016.55,3,2015_Winter_W6,BL,1,6,0,1,0,0,0,74.08
2/19/15,GCIS,4.70,1.57,352.37,299,9,30,23.08%,1404.62,4,2015_Winter_W6,BL,0,6,0,0,1,0,0,75.01
2/19/15,Harris,4.32,1.44,308.87,196,1,12,7.69%,846.74,4,2015_Winter_W6,BL,0,6,0,0,1,0,0,71.50
2/19/15,Law,3.09,1.32,175.15,444,55,38,59.14%,1370.25,4,2015_Winter_W6,BL,0,6,0,0,1,0,0,56.75
2/19/15,Stuart,4.96,1.57,331.84,180,8,13,38.10%,893.5,4,2015_Winter_W6,BL,0,6,0,0,1,0,0,66.85
2/20/15,GCIS,4.54,1.53,308.81,274,13,27,32.50%,1242.9,5,2015_Winter_W6,BL,1,6,0,0,0,1,0,68.08
2/20/15,Harris,4.21,1.40,290.07,174,5,10,33.33%,731.93,5,2015_Winter_W6,BL,1,6,0,0,0,1,0,68.96
2/20/15,Law,3.75,1.42,240.06,417,43,27,61.43%,1563.35,5,2015_Winter_W6,BL,1,6,0,0,0,1,0,64.03
2/20/15,Stuart,6.00,1.84,431.13,87,5,4,55.56%,521.89,5,2015_Winter_W6,BL,1,6,0,0,0,1,0,71.87
2/23/15,GCIS,4.35,1.51,301.10,249,14,15,48.28%,1082.56,1,2015_Winter_W7,BL,0,7,0,0,0,0,1,69.26
2/23/15,Harris,4.63,1.53,355.24,165,2,7,22.22%,764.06,1,2015_Winter_W7,BL,0,7,0,0,0,0,1,76.72
2/23/15,Law,3.49,1.37,215.08,449,39,21,65.00%,1565.85,1,2015_Winter_W7,BL,0,7,0,0,0,0,1,61.67
2/23/15,Stuart,5.00,1.47,323.32,155,10,16,38.46%,774.94,1,2015_Winter_W7,BL,0,7,0,0,0,0,1,64.67
2/24/15,GCIS,3.95,1.46,272.90,249,8,20,28.57%,983.92,2,2015_Winter_W7,BL,0,7,1,0,0,0,0,69.06
2/24/15,Harris,4.23,1.44,310.03,215,4,11,26.67%,910.48,2,2015_Winter_W7,BL,0,7,1,0,0,0,0,73.21
2/24/15,Law,3.29,1.32,193.98,465,62,37,62.63%,1529.87,2,2015_Winter_W7,BL,0,7,1,0,0,0,0,58.96
2/24/15,Stuart,4.55,1.46,303.27,191,4,19,17.39%,868.67,2,2015_Winter_W7,BL,0,7,1,0,0,0,0,66.68
2/25/15,GCIS,4.46,1.57,325.03,252,5,16,23.81%,1123.95,3,2015_Winter_W7,BL,0,7,0,1,0,0,0,72.88
2/25/15,Harris,4.05,1.47,294.23,220,1,10,9.09%,890.24,3,2015_Winter_W7,BL,0,7,0,1,0,0,0,72.71
2/25/15,Law,3.64,1.42,231.55,368,44,40,52.38%,1340.21,3,2015_Winter_W7,BL,0,7,0,1,0,0,0,63.58
2/25/15,Stuart,4.73,1.56,313.11,181,8,25,24.24%,855.92,3,2015_Winter_W7,BL,0,7,0,1,0,0,0,66.21
2/26/15,GCIS,4.69,1.64,321.67,277,14,32,30.43%,1300.38,4,2015_Winter_W7,BL,0,7,0,0,1,0,0,68.52
2/26/15,Harris,4.61,1.56,345.28,185,1,14,6.67%,853.35,4,2015_Winter_W7,BL,0,7,0,0,1,0,0,74.85
2/26/15,Law,3.37,1.36,209.93,426,32,34,48.48%,1436.04,4,2015_Winter_W7,BL,0,7,0,0,1,0,0,62.28
2/26/15,Stuart,4.82,1.56,314.87,186,11,16,40.74%,896.99,4,2015_Winter_W7,BL,0,7,0,0,1,0,0,65.29
2/27/15,GCIS,4.57,1.52,325.39,254,9,20,31.03%,1160.4,5,2015_Winter_W7,BL,0,7,0,0,0,1,0,71.23
2/27/15,Harris,4.20,1.56,305.01,135,1,6,14.29%,567.31,5,2015_Winter_W7,BL,0,7,0,0,0,1,0,72.58
2/27/15,Law,3.48,1.38,231.92,305,36,22,62.07%,1062,5,2015_Winter_W7,BL,0,7,0,0,0,1,0,66.61
2/27/15,Stuart,5.32,1.56,357.57,112,5,5,50.00%,596.24,5,2015_Winter_W7,BL,0,7,0,0,0,1,0,67.17
3/2/15,GCIS,4.42,1.51,300.48,239,16,28,36.36%,1055.98,1,2015_Winter_W8,S3,0,8,0,0,0,0,1,68.01
3/2/15,Harris,3.66,1.40,262.94,187,6,9,40.00%,683.69,1,2015_Winter_W8,S1,0,8,0,0,0,0,1,71.92
3/2/15,Law,3.41,1.41,213.38,460,64,37,63.37%,1567.01,1,2015_Winter_W8,BL,0,8,0,0,0,0,1,62.64
3/2/15,Stuart,4.93,1.58,322.92,136,11,14,44.00%,670.6,1,2015_Winter_W8,S2,0,8,0,0,0,0,1,65.49
3/3/15,GCIS,4.43,1.55,313.51,242,6,18,25.00%,1072.03,2,2015_Winter_W8,S3,0,8,1,0,0,0,0,70.77
3/3/15,Harris,4.12,1.47,304.94,158,7,9,43.75%,650.55,2,2015_Winter_W8,S1,0,8,1,0,0,0,0,74.06
3/3/15,Law,3.71,1.48,233.46,409,58,24,70.73%,1515.74,2,2015_Winter_W8,BL,0,8,1,0,0,0,0,63.00
3/3/15,Stuart,5.08,1.65,338.82,163,10,16,38.46%,828.15,2,2015_Winter_W8,S2,0,8,1,0,0,0,0,66.69
3/4/15,GCIS,4.32,1.58,299.37,259,20,29,40.82%,1118.66,3,2015_Winter_W8,S3,0,8,0,1,0,0,0,69.31
3/4/15,Harris,4.02,1.44,285.41,202,0,9,0.00%,812.7,3,2015_Winter_W8,S1,0,8,0,1,0,0,0,70.94
3/4/15,Law,3.83,1.41,238.96,346,56,28,66.67%,1326.37,3,2015_Winter_W8,BL,0,8,0,1,0,0,0,62.34
3/4/15,Stuart,4.61,1.53,295.18,171,7,9,43.75%,788.94,3,2015_Winter_W8,S2,0,8,0,1,0,0,0,63.98
3/5/15,GCIS,4.76,1.64,331.20,259,16,23,41.03%,1231.7,4,2015_Winter_W8,S3,0,8,0,0,1,0,0,69.64
3/5/15,Harris,3.85,1.40,270.33,185,2,6,25.00%,712.7,4,2015_Winter_W8,S1,0,8,0,0,1,0,0,70.17
3/5/15,Law,3.45,1.41,215.42,460,48,39,55.17%,1587.56,4,2015_Winter_W8,BL,0,8,0,0,1,0,0,62.42
3/5/15,Stuart,4.92,1.53,326.29,193,8,22,26.67%,950.48,4,2015_Winter_W8,S2,0,8,0,0,1,0,0,66.25
3/6/15,GCIS,4.19,1.49,290.16,227,10,22,31.25%,951.98,5,2015_Winter_W8,S3,0,8,0,0,0,1,0,69.19
3/6/15,Harris,4.12,1.44,300.38,149,1,8,11.11%,613.16,5,2015_Winter_W8,S1,0,8,0,0,0,1,0,72.99
3/6/15,Law,3.67,1.40,228.72,345,41,29,58.57%,1267.62,5,2015_Winter_W8,BL,0,8,0,0,0,1,0,62.25
3/6/15,Stuart,5.35,1.67,355.99,97,7,3,70.00%,519.32,5,2015_Winter_W8,S2,0,8,0,0,0,1,0,66.49
3/9/15,GCIS,4.13,1.46,278.23,218,14,26,35.00%,900.9,1,2015_Winter_W9,BL,0,9,0,0,0,0,1,67.33
3/9/15,Harris,3.51,1.38,258.07,196,8,16,33.33%,687.24,1,2015_Winter_W9,BL,0,9,0,0,0,0,1,73.60
3/9/15,Law,3.58,1.48,233.72,256,31,27,53.45%,915.43,1,2015_Winter_W9,BL,0,9,0,0,0,0,1,65.36
3/9/15,Stuart,4.55,1.62,288.66,135,34,20,62.96%,614.17,1,2015_Winter_W9,BL,0,9,0,0,0,0,1,63.45
3/10/15,GCIS,4.33,1.51,307.30,248,14,17,45.16%,1073.24,2,2015_Winter_W9,BL,0,9,1,0,0,0,0,71.01
3/10/15,Harris,3.77,1.42,270.20,212,1,8,11.11%,798.8,2,2015_Winter_W9,BL,0,9,1,0,0,0,0,71.71
3/10/15,Law,3.88,1.43,230.40,253,41,27,60.29%,980.9,2,2015_Winter_W9,BL,0,9,1,0,0,0,0,59.43
3/10/15,Stuart,4.76,1.52,310.64,175,9,17,34.62%,832.8,2,2015_Winter_W9,BL,0,9,1,0,0,0,0,65.28
3/11/15,GCIS,4.37,1.50,309.89,255,9,34,20.93%,1114.58,3,2015_Winter_W9,BL,0,9,0,1,0,0,0,70.90
3/11/15,Harris,3.69,1.36,268.74,209,3,8,27.27%,772.03,3,2015_Winter_W9,BL,0,9,0,1,0,0,0,72.75
3/11/15,Law,3.49,1.39,199.27,193,34,15,69.39%,674.03,3,2015_Winter_W9,BL,0,9,0,1,0,0,0,57.06
3/11/15,Stuart,4.69,1.46,308.96,124,3,10,23.08%,581.13,3,2015_Winter_W9,BL,0,9,0,1,0,0,0,65.93
3/12/15,GCIS,4.28,1.56,293.15,230,7,23,23.33%,983.73,4,2015_Winter_W9,BL,0,9,0,0,1,0,0,68.54
3/12/15,Harris,4.03,1.43,295.92,212,3,5,37.50%,854.86,4,2015_Winter_W9,BL,0,9,0,0,1,0,0,73.39
3/12/15,Law,3.34,1.44,208.50,268,41,24,63.08%,894.77,4,2015_Winter_W9,BL,0,9,0,0,1,0,0,62.45
3/12/15,Stuart,5.15,1.65,329.06,63,4,9,30.77%,324.45,4,2015_Winter_W9,BL,0,9,0,0,1,0,0,63.90
3/13/15,GCIS,4.26,1.52,298.36,223,9,22,29.03%,950.5,5,2015_Winter_W9,BL,0,9,0,0,0,1,0,70.00
3/13/15,Harris,4.17,1.42,315.37,142,2,3,40.00%,591.57,5,2015_Winter_W9,BL,0,9,0,0,0,1,0,75.70
3/13/15,Law,3.30,1.44,196.57,216,35,18,66.04%,713.26,5,2015_Winter_W9,BL,0,9,0,0,0,1,0,59.53
3/13/15,Stuart,5.29,1.57,328.47,76,6,8,42.86%,402,5,2015_Winter_W9,BL,0,9,0,0,0,1,0,62.10